@ONLINE {COURSEPAGE,
    author = "P. Carribault \& F. Trahay",
    title  = "INF560 Evaluation",
    year   = "2016",
    url    = "https://www.enseignement.polytechnique.fr/profs/informatique/Francois.Trahay/www/TD/projects/INF560-projects-0.html"
}
@ONLINE {IMAGEMAGICK,
    author = "ImageMagick Studio LLC",
    title  = "Convert, Edit, Or Compose Bitmap Images. Image Magick",
    year   = "1999",
    url    = "https://www.imagemagick.org/script/index.php"
}
@MANUAL {NVIDIAAPPLICATIONNOTE,
    title        = "TUNING CUDA APPLICATIONS FOR MAXWELL",
    organization = "NVIDIA",
    month        = "jan",
    year         = "2017"
}
@MANUAL {NVIDIAWHITEPAPER,
    title        = "Whitepaper NVIDIA GeForce GTX 750 Ti",
    organization = "NVIDIA",
    edition      = "Featuring First-Generation Maxwell GPU Technology, Designed for Extreme Performance per Watt"
}